@inproceedings{audioset,
	title={Audio set: An ontology and human-labeled dataset for audio events},
	author={Gemmeke, Jort F and Ellis, Daniel PW and Freedman, Dylan and Jansen, Aren and Lawrence, Wade and Moore, R Channing and Plakal, Manoj and Ritter, Marvin},
	booktitle={2017 IEEE International Conference on Acoustics, Speech and Signal Processing (ICASSP)},
	pages={776--780},
	year={2017},
	organization={IEEE}
}

@misc{wiki:bin_crossentropy,
	author = "{Wikipedia contributors}",
	title = "Cross entropy --- {Wikipedia}{,} The Free Encyclopedia",
	year = "2020",
	howpublished = "\url{https://en.wikipedia.org/w/index.php?title=Cross_entropy&oldid=963499515}",
	note = "[Online; accessed 20-July-2020]"
}

@article{adam_optimizer,
	title={Adam: A method for stochastic optimization},
	author={Kingma, Diederik P and Ba, Jimmy},
	journal={arXiv preprint arXiv:1412.6980},
	year={2014}
}